@article{abdelnour_voss_raj_2014, title={Network diffusion accurately models the relationship between structural and functional brain connectivity networks}, volume={90}, DOI={10.1016/j.neuroimage.2013.12.039}, journal={NeuroImage}, author={Abdelnour, F. and Voss, H. U. and Raj, A.}, year={2014}, pages={335–347}}

@article{bilgel2016individual,
	title={Individual estimates of age at detectable amyloid onset for risk factor assessment},
	author={Bilgel, Murat and An, Yang and Zhou, Yun and Wong, Dean F and Prince, Jerry L and Ferrucci, Luigi and Resnick, Susan M},
	journal={Alzheimer's \& Dementia},
	volume={12},
	number={4},
	pages={373--379},
	year={2016},
	publisher={Elsevier}
}

@article{breakspear_terry_friston_2003, title={Modulation of excitatory synaptic coupling facilitates synchronization and complex dynamics in a biophysical model of neuronal dynamics}, volume={14}, DOI={10.1088/0954-898x_14_4_305}, number={4}, journal={Network: Computation in Neural Systems}, author={Breakspear, Michael and Terry, John R and Friston, Karl J}, year={2003}, pages={703–732}}

@article{chen2018neural,
  title={Neural Ordinary Differential Equations},
  author={Chen, Ricky T. Q. and Rubanova, Yulia and Bettencourt, Jesse and Duvenaud, David},
  journal={Advances in Neural Information Processing Systems},
  year={2018}
}

@article{galan_2008, title={On How Network Architecture Determines the Dominant Patterns of Spontaneous Neural Activity}, volume={3}, DOI={10.1371/journal.pone.0002148}, number={5}, journal={PLoS ONE}, author={Galán, Roberto F.}, year={2008}}

@article{honey_sporns_cammoun_gigandet_thiran_meuli_hagmann_2009, title={Predicting human resting-state functional connectivity from structural connectivity}, volume={106}, DOI={10.1073/pnas.0811168106}, number={6}, journal={Proceedings of the National Academy of Sciences}, author={Honey, Christopher J. and Sporns, Olaf and Cammoun, leila and Gigandet, Xavier and Thiran, Jean-Philippe. and Meuli, Reto and Hagmann, Patric}, year={2009}, month={Feb}, pages={2035–2040}}

@article{hwang_ravi_adluru_bendlin_johnson_singh_2018, title={Data-Driven Propagation Modeling Of Pet-Derived Alzheimer’S Pathology In A Preclinical Cohort}, volume={14}, DOI={10.1016/j.jalz.2018.06.2075}, number={7}, journal={Alzheimers \& Dementia}, author={Hwang, Seong Jae and Ravi, Sathya and Adluru, Nagesh and Bendlin, Barbara B. and Johnson, Sterling C. and Singh, Vikas}, year={2018}}

@article{johnson2014amyloid,
  title={Amyloid burden and neural function in people at risk for Alzheimer's disease},
  author={Johnson, Sterling C and Christian, Bradley T and Okonkwo, Ozioma C and Oh, Jennifer M and Harding, Sandra and Xu, Guofan and Hillmer, Ansel T and Wooten, Dustin W and Murali, Dhanabalan and Barnhart, Todd E and others},
  journal={Neurobiology of aging},
  volume={35},
  number={3},
  pages={576--584},
  year={2014},
  publisher={Elsevier}
}

@inproceedings{koscik2019modelingpib,
	title={Modeling pib pet trajectory groups identifies a subgroup with pib beta-amyloid
	accumulation near age 50 and predicts mk-6240 suvr},
	author={Koscik, Rebecca and Betthauser, Tobey J and Jonaitis, Erin M and Clark, Lindsay R and Allison, Samantha and Mueller, Kimberly D and Hermann, Bruce P and Poetter, Jennifer D and Sanson, Leah and Shouel, Heather and Chin, Nathaniel A and Christian, Bradley T and Johnson, Sterling C},
	booktitle={Human Amyloid Imaging},
	year={2019}
}

@article{kuczynski_2010, title={White matter integrity and cortical metabolic associations in aging and dementia}, volume={6}, DOI={10.1016/j.jalz.2009.04.1228}, number={1}, journal={Alzheimers \& Dementia}, author={Kuczynski, Beth and Targan, Elizabeth and Madison, Cindee and Weiner, Michael and Zhang, Yu and Reed, Bruce and Chui, Helena C. and Jagust, William}, year={2010}, pages={54–62}}

@article{lo_2010, title={Diffusion Tensor Tractography Reveals Abnormal Topological Organization in Structural Cortical Networks in Alzheimers Disease}, volume={30}, DOI={10.1523/jneurosci.4136-10.2010}, number={50}, journal={Journal of Neuroscience}, author={Lo, Chun-Yi and Wang, Pei-Ning and Chou, Kun-Hsien and Wang, Jinhui and He, Yong and Lin, Ching-Po}, year={2010}, pages={16876–16885}}

@article{raamana2015thickness,
  title={Thickness network features for prognostic applications in dementia},
  author={Raamana, Pradeep Reddy and Weiner, Michael W and Wang, Lei and Beg, Mirza Faisal and Alzheimer's Disease Neuroimaging Initiative and others},
  journal={Neurobiology of aging},
  volume={36},
  pages={S91--S102},
  year={2015},
  publisher={Elsevier}
}

@article{raj_kuceyeski_weiner_2012, 
title={A Network Diffusion Model of Disease Progression in Dementia}, volume={73}, DOI={10.1016/j.neuron.2011.12.040}, 
number={6}, 
journal={Neuron}, 
author={Raj, Ashish and Kuceyeski, Amy and Weiner, Michael}, 
year={2012}, pages={1204–1215}}

@article{rebeck1993apolipoprotein,
  title={Apolipoprotein E in sporadic Alzheimer's disease: allelic variation and receptor interactions},
  author={Rebeck, G William and Reiter, Joell S and Strickland, Dudley K and Hyman, Bradley T},
  journal={Neuron},
  volume={11},
  number={4},
  pages={575--580},
  year={1993},
  publisher={Elsevier}
}

@article{seeley_2010, title={Neurodegenerative diseases target large-scale human brain networks}, volume={6}, DOI={10.1016/j.jalz.2010.05.522}, number={4}, journal={Alzheimers \& Dementia}, author={Seeley, Bill}, year={2010}}

@article{silva_1976, title={Models of Neuronal Populations: The Basic Mechanisms of Rhythmicity}, DOI={10.1016/s0079-6123(08)60995-4}, journal={Progress in Brain Research Perspectives in Brain Research}, author={Silva, F.h. Lopes Da and Rotterdam, A. Van and Barts, P. and Heusden, E. Van and Burr, W.}, year={1976}, pages={281–308}}

@article{villain_2008, title={Relationships between Hippocampal Atrophy, White Matter Disruption, and Gray Matter Hypometabolism in Alzheimers Disease}, volume={28}, DOI={10.1523/jneurosci.1392-08.2008}, number={24}, journal={Journal of Neuroscience}, author={Villain, Nicolas and Desgranges, Béatrice and Viader, Fausto and Sayette, Vincent De La and Mezenge, Florence and Landeau, Brigitte and Baron, Jean-Claude and Eustache, Francis and Chetelat, Gaël}, year={2008}, month={Nov}, pages={6174–6181}}
